@article
{
    lb4,
    title={Vaginal microbiome in early pregnancy and subsequent risk of spontaneous preterm birth: a case--control study},
    author={Tabatabaei, N and Eren, AM and Barreiro, LB and Yotova, V and Dumaine, A and Allard, C and Fraser, WD},
    journal={BJOG: An International Journal of Obstetrics \& Gynaecology},
    volume={126},
    number={3},
    pages={349--358},
    year={2019},
    publisher={Wiley Online Library}
}

@article
{
    lb3,
    title={Spontaneous preterm birth is associated with differential expression of vaginal metabolites by lactobacilli-dominated microflora},
    author={Stafford, Graham P and Parker, Jennifer L and Amabebe, Emmanuel and Kistler, James and Reynolds, Steven and Stern, Victoria and Paley, Martyn and Anumba, Dilly OC},
    journal={Frontiers in physiology},
    volume={8},
    pages={615},
    year={2017},
    publisher={Frontiers}
}

@article
{
    lb2,
    title={Relationships of vaginal Lactobacillus species, cervical Chlamydia trachomatis, and bacterial vaginosis to preterm birth},
    author={MARTIUS, JOACHIM and KROHN, MARIJANE A and HILLIER, SHARON L and STAMM, WALTER E and HOLMES, KING K and ESCHENBACH, DAVID A},
    journal={Obstetrics \& Gynecology},
    volume={71},
    number={1},
    pages={89--95},
    year={1988},
    publisher={LWW}
}

@article
{
    lb1,
    title={Vaginal lactobacilli and preterm birth},
    author={Usui, Rie and Ohkuchi, Akihide and Matsubara, Shigeki and Izumi, Akio and Watanabe, Takashi and Suzuki, Mitsuaki and Minakami, Hisanori},
    journal={Journal of perinatal medicine},
    volume={30},
    number={6},
    pages={458--466},
    year={2002},
    publisher={De Gruyter}
}

@article
{
    docker1,
    title={Docker: lightweight linux containers for consistent development and deployment},
    author={Merkel, Dirk},
    journal={Linux journal},
    volume={2014},
    number={239},
    pages={2},
    year={2014}
}

@article
{
    rrna2,
    title={Ribosomal RNA and translation},
    author={Noller, Harry F},
    journal={Annual review of biochemistry},
    volume={60},
    number={1},
    pages={191--227},
    year={1991},
    publisher={Annual Reviews 4139 El Camino Way, PO Box 10139, Palo Alto, CA 94303-0139, USA}
}

@article
{
    16S2,
    title={16S rRNA gene sequencing for bacterial identification in the diagnostic laboratory: pluses, perils, and pitfalls},
    author={Janda, J Michael and Abbott, Sharon L},
    journal={Journal of clinical microbiology},
    volume={45},
    number={9},
    pages={2761--2764},
    year={2007},
    publisher={Am Soc Microbiol}
}

@article
{
    16S1,
    title={16S rRNA sequencing in routine bacterial identification: a 30-month experiment},
    author={Mignard, S and Flandrois, Jean-Pierre},
    journal={Journal of microbiological methods},
    volume={67},
    number={3},
    pages={574--581},
    year={2006},
    publisher={Elsevier}
}

@article
{
    scipy1,
    title={SciPy 1.0: fundamental algorithms for scientific computing in Python},
    author={Virtanen, Pauli and Gommers, Ralf and Oliphant, Travis E and Haberland, Matt and Reddy, Tyler and Cournapeau, David and Burovski, Evgeni and Peterson, Pearu and Weckesser, Warren and Bright, Jonathan and others},
    journal={Nature methods},
    volume={17},
    number={3},
    pages={261--272},
    year={2020},
    publisher={Nature Publishing Group}
}

@article
{
    rrna1,
    title={Ribosomal RNA: a key to phylogeny},
    author={Olsen, Gary J and Woese, Carl R},
    journal={The FASEB journal},
    volume={7},
    number={1},
    pages={113--123},
    year={1993},
    publisher={Wiley Online Library}
}

@article
{
    micro2,
    title={Metagenomic analysis of the human distal gut microbiome},
    author={Gill, Steven R and Pop, Mihai and DeBoy, Robert T and Eckburg, Paul B and Turnbaugh, Peter J and Samuel, Buck S and Gordon, Jeffrey I and Relman, David A and Fraser-Liggett, Claire M and Nelson, Karen E},
    journal={science},
    volume={312},
    number={5778},
    pages={1355--1359},
    year={2006},
    publisher={American Association for the Advancement of Science}
}

@article
{
    micro1,
    title={The human microbiome project},
    author={Turnbaugh, Peter J and Ley, Ruth E and Hamady, Micah and Fraser-Liggett, Claire M and Knight, Rob and Gordon, Jeffrey I},
    journal={Nature},
    volume={449},
    number={7164},
    pages={804--810},
    year={2007},
    publisher={Nature Publishing Group}
}

@article
{
    validate2,
    title={The vaginal microbiome and preterm birth},
    author={Fettweis, Jennifer M and Serrano, Myrna G and Brooks, J Paul and Edwards, David J and Girerd, Philippe H and Parikh, Hardik I and Huang, Bernice and Arodz, Tom J and Edupuganti, Laahirie and Glascock, Abigail L and others},
    journal={Nature medicine},
    volume={25},
    number={6},
    pages={1012--1021},
    year={2019},
    publisher={Nature Publishing Group}
}

@article
{
    validate1,
    title={Partial restoration of the microbiota of cesarean-born infants via vaginal microbial transfer},
    author={Dominguez-Bello, Maria G and De Jesus-Laboy, Kassandra M and Shen, Nan and Cox, Laura M and Amir, Amnon and Gonzalez, Antonio and Bokulich, Nicholas A and Song, Se Jin and Hoashi, Marina and Rivera-Vinas, Juana I and others},
    journal={Nature medicine},
    volume={22},
    number={3},
    pages={250},
    year={2016},
    publisher={Nature Publishing Group}
}

@article
{
    premature1,
    title={Epidemiology of preterm birth},
    author={Tucker, Janet and McGuire, William},
    journal={Bmj},
    volume={329},
    number={7467},
    pages={675--678},
    year={2004},
    publisher={British Medical Journal Publishing Group}
}

@article
{
    performance1,
    title={SEPATH: benchmarking the search for pathogens in human tissue whole genome sequence data leads to template pipelines},
    author={Gihawi, Abraham and Rallapalli, Ghanasyam and Hurst, Rachel and Cooper, Colin S and Leggett, Richard M and Brewer, Daniel S},
    journal={Genome biology},
    volume={20},
    number={1},
    pages={1--15},
    year={2019},
    publisher={BioMed Central}
}

@software
{
    seaborn1,
    author       = {Michael Waskom and
    Olga Botvinnik and
    Joel Ostblom and
    Maoz Gelbart and
    Saulius Lukauskas and
    Paul Hobson and
    David C Gemperline and
    Tom Augspurger and
    Yaroslav Halchenko and
    John B. Cole and
    Jordi Warmenhoven and
    Julian de Ruiter and
    Cameron Pye and
    Stephan Hoyer and
    Jake Vanderplas and
    Santi Villalba and
    Gero Kunter and
    Eric Quintero and
    Pete Bachant and
    Marcel Martin and
    Kyle Meyer and
    Corban Swain and
    Alistair Miles and
    Thomas Brunner and
    Drew O'Kane and
    Tal Yarkoni and
    Mike Lee Williams and
    Constantine Evans and
    Clark Fitzgerald and
    Brian},
    title        = {mwaskom/seaborn:  v0.10.1 (April 2020)},
    month        = apr,
    year         = 2020,
    publisher    = {Zenodo},
    version      = {v0.10.1},
    doi          = {10.5281/zenodo.3767070},
    url          = {https://doi.org/10.5281/zenodo.3767070}
}

@article
{
    matplotlib1,
    title={Matplotlib: A 2D graphics environment},
    author={Hunter, John D},
    journal={Computing in science \& engineering},
    volume={9},
    number={3},
    pages={90--95},
    year={2007},
    publisher={IEEE Computer Society}
}

@article
{
    sklearn1,
    title={Scikit-learn: Machine learning in Python},
    author={Pedregosa, Fabian and Varoquaux, Ga{\"e}l and Gramfort, Alexandre and Michel, Vincent and Thirion, Bertrand and Grisel, Olivier and Blondel, Mathieu and Prettenhofer, Peter and Weiss, Ron and Dubourg, Vincent and others},
    journal={the Journal of machine Learning research},
    volume={12},
    pages={2825--2830},
    year={2011},
    publisher={JMLR. org}
}

@article
{
    pandas1,
    title={pandas: a foundational Python library for data analysis and statistics},
    author={McKinney, Wes and others},
    journal={Python for High Performance and Scientific Computing},
    volume={14},
    number={9},
    year={2011},
    publisher={Seattle}
}

@article
{
    qiime3,
    author = {McDonald, Daniel and Clemente, Jose C and Kuczynski, Justin and Rideout, Jai Ram and Stombaugh, Jesse and Wendel, Doug and Wilke, Andreas and Huse, Susan and Hufnagle, John and Meyer, Folker and Knight, Rob and Caporaso, J Gregory},
    doi = {10.1186/2047-217X-1-7},
    journal = {GigaScience},
    number = {1},
    pages = {7},
    publisher = {BioMed Central},
    title = {The Biological Observation Matrix (BIOM) format or: how I learned to stop worrying and love the ome-ome},
    volume = {1},
    year = {2012}
}

@article
{
    qiime2,
    author = {Mandal, Siddhartha and Van Treuren, Will and White, Richard A and Eggesbø, Merete and Knight, Rob and Peddada, Shyamal D},
    doi = {10.3402/mehd.v26.27663},
    journal = {Microbial ecology in health and disease},
    number = {1},
    pages = {27663},
    publisher = {Taylor & Francis},
    title = {Analysis of composition of microbiomes: a novel method for studying microbial composition},
    volume = {26},
    year = {2015}
}

@article
{
    qiime1,
    author = {Bolyen, Evan and Rideout, Jai Ram and Dillon, Matthew R. and Bokulich, Nicholas A. and Abnet, Christian C. and Al-Ghalith, Gabriel A. and Alexander, Harriet and Alm, Eric J. and Arumugam, Manimozhiyan and Asnicar, Francesco and Bai, Yang and Bisanz, Jordan E. and Bittinger, Kyle and Brejnrod, Asker and Brislawn, Colin J. and Brown, C. Titus and Callahan, Benjamin J. and Caraballo-Rodríguez, Andrés Mauricio and Chase, John and Cope, Emily K. and Da Silva, Ricardo and Diener, Christian and Dorrestein, Pieter C. and Douglas, Gavin M. and Durall, Daniel M. and Duvallet, Claire and Edwardson, Christian F. and Ernst, Madeleine and Estaki, Mehrbod and Fouquier, Jennifer and Gauglitz, Julia M. and Gibbons, Sean M. and Gibson, Deanna L. and Gonzalez, Antonio and Gorlick, Kestrel and Guo, Jiarong and Hillmann, Benjamin and Holmes, Susan and Holste, Hannes and Huttenhower, Curtis and Huttley, Gavin A. and Janssen, Stefan and Jarmusch, Alan K. and Jiang, Lingjing and Kaehler, Benjamin D. and Kang, Kyo Bin and Keefe, Christopher R. and Keim, Paul and Kelley, Scott T. and Knights, Dan and Koester, Irina and Kosciolek, Tomasz and Kreps, Jorden and Langille, Morgan G. I. and Lee, Joslynn and Ley, Ruth and Liu, Yong-Xin and Loftfield, Erikka and Lozupone, Catherine and Maher, Massoud and Marotz, Clarisse and Martin, Bryan D. and McDonald, Daniel and McIver, Lauren J. and Melnik, Alexey V. and Metcalf, Jessica L. and Morgan, Sydney C. and Morton, Jamie T. and Naimey, Ahmad Turan and Navas-Molina, Jose A. and Nothias, Louis Felix and Orchanian, Stephanie B. and Pearson, Talima and Peoples, Samuel L. and Petras, Daniel and Preuss, Mary Lai and Pruesse, Elmar and Rasmussen, Lasse Buur and Rivers, Adam and Robeson, Michael S. and Rosenthal, Patrick and Segata, Nicola and Shaffer, Michael and Shiffer, Arron and Sinha, Rashmi and Song, Se Jin and Spear, John R. and Swafford, Austin D. and Thompson, Luke R. and Torres, Pedro J. and Trinh, Pauline and Tripathi, Anupriya and Turnbaugh, Peter J. and Ul-Hasan, Sabah and van der Hooft, Justin J. J. and Vargas, Fernando and Vázquez-Baeza, Yoshiki and Vogtmann, Emily and von Hippel, Max and Walters, William and Wan, Yunhu and Wang, Mingxun and Warren, Jonathan and Weber, Kyle C. and Williamson, Charles H. D. and Willis, Amy D. and Xu, Zhenjiang Zech and Zaneveld, Jesse R. and Zhang, Yilong and Zhu, Qiyun and Knight, Rob and Caporaso, J. Gregory},
    doi = {10.1038/s41587-019-0209-9},
    issn = {1546-1696},
    journal = {Nature Biotechnology},
    number = {8},
    pages = {852-857},
    title = {Reproducible, interactive, scalable and extensible microbiome data science using QIIME 2},
    url = {https://doi.org/10.1038/s41587-019-0209-9},
    volume = {37},
    year = {2019}
}

@article
{
    Deblur1,
    title={Deblur rapidly resolves single-nucleotide community sequence patterns},
    author={Amir, Amnon and McDonald, Daniel and Navas-Molina, Jose A and Kopylova, Evguenia and Morton, James T and Xu, Zhenjiang Zech and Kightley, Eric P and Thompson, Luke R and Hyde, Embriette R and Gonzalez, Antonio and others},
    journal={MSystems},
    volume={2},
    number={2},
    year={2017},
    publisher={Am Soc Microbiol}
}

@article
{
    DADA2,
    title={DADA2: high-resolution sample inference from Illumina amplicon data},
    author={Callahan, Benjamin J and McMurdie, Paul J and Rosen, Michael J and Han, Andrew W and Johnson, Amy Jo A and Holmes, Susan P},
    journal={Nature methods},
    volume={13},
    number={7},
    pages={581--583},
    year={2016},
    publisher={Nature Publishing Group}
}

@article
{
    silva2,
    title={The SILVA ribosomal RNA gene database project: improved data processing and web-based tools},
    author={Quast, Christian and Pruesse, Elmar and Yilmaz, Pelin and Gerken, Jan and Schweer, Timmy and Yarza, Pablo and Peplies, J{\"o}rg and Gl{\"o}ckner, Frank Oliver},
    journal={Nucleic acids research},
    volume={41},
    number={D1},
    pages={D590--D596},
    year={2012},
    publisher={Oxford University Press}
}

@article
{
    silva1,
    title={SILVA: a comprehensive online resource for quality checked and aligned ribosomal RNA sequence data compatible with ARB},
    author={Pruesse, Elmar and Quast, Christian and Knittel, Katrin and Fuchs, Bernhard M and Ludwig, Wolfgang and Peplies, J{\"o}rg and Gl{\"o}ckner, Frank Oliver},
    journal={Nucleic acids research},
    volume={35},
    number={21},
    pages={7188--7196},
    year={2007},
    publisher={Oxford University Press}
}

@article
{
    greengenes1,
    title={Greengenes, a chimera-checked 16S rRNA gene database and workbench compatible with ARB},
    author={DeSantis, Todd Z and Hugenholtz, Philip and Larsen, Neils and Rojas, Mark and Brodie, Eoin L and Keller, Keith and Huber, Thomas and Dalevi, Daniel and Hu, Ping and Andersen, Gary L},
    journal={Applied and environmental microbiology},
    volume={72},
    number={7},
    pages={5069--5072},
    year={2006},
    publisher={Am Soc Microbiol}
}

@article
{
    tsne1,
    title={Visualizing data using t-SNE},
    author={Maaten, Laurens van der and Hinton, Geoffrey},
    journal={Journal of machine learning research},
    volume={9},
    number={Nov},
    pages={2579--2605},
    year={2008}
}

@article
{
    mothur1,
    author = {Schloss, Patrick D. and Westcott, Sarah L. and Ryabin, Thomas and Hall, Justine R. and Hartmann, Martin and Hollister, Emily B. and Lesniewski, Ryan A. and Oakley, Brian B. and Parks, Donovan H. and Robinson, Courtney J. and Sahl, Jason W. and Stres, Blaz and Thallinger, Gerhard G. and Van Horn, David J. and Weber, Carolyn F.},
    title = {Introducing mothur: Open-Source, Platform-Independent, Community-Supported Software for Describing and Comparing Microbial Communities},
    volume = {75},
    number = {23},
    pages = {7537--7541},
    year = {2009},
    doi = {10.1128/AEM.01541-09},
    publisher = {American Society for Microbiology Journals},
    abstract = {mothur aims to be a comprehensive software package that allows users to use a single piece of software to analyze community sequence data. It builds upon previous tools to provide a flexible and powerful software package for analyzing sequencing data. As a case study, we used mothur to trim, screen, and align sequences; calculate distances; assign sequences to operational taxonomic units; and describe the α and β diversity of eight marine samples previously characterized by pyrosequencing of 16S rRNA gene fragments. This analysis of more than 222,000 sequences was completed in less than 2 h with a laptop computer.},
    issn = {0099-2240},
    URL = {https://aem.asm.org/content/75/23/7537},
    eprint = {https://aem.asm.org/content/75/23/7537.full.pdf},
    journal = {Applied and Environmental Microbiology}
}

@article
{
    ANCOM1,
    title={Analysis of composition of microbiomes: a novel method for studying microbial composition},
    author={Mandal, Siddhartha and Van Treuren, Will and White, Richard A and Eggesb{\o}, Merete and Knight, Rob and Peddada, Shyamal D},
    journal={Microbial ecology in health and disease},
    volume={26},
    number={1},
    pages={27663},
    year={2015},
    publisher={Taylor \& Francis}
}

@article
{
    phylogenetic1,
    title={A guide to phylogenetic metrics for conservation, community ecology and macroecology},
    author={Tucker, Caroline M and Cadotte, Marc W and Carvalho, Silvia B and Davies, T Jonathan and Ferrier, Simon and Fritz, Susanne A and Grenyer, Rich and Helmus, Matthew R and Jin, Lanna S and Mooers, Arne O and others},
    journal={Biological Reviews},
    volume={92},
    number={2},
    pages={698--715},
    year={2017},
    publisher={Wiley Online Library}
}

@article
{
    premature2,
    title={Prognostic value of cognitive tests and their combination in patients with chronic heart failure and reduced left ventricular ejection fraction},
    author={Voronkov, Leonid and Solonovych, Anastasiia and Liashenko, Alina and Revenko, Ivanna},
    journal={Eureka: health sciences},
    number={6},
    pages={36--45},
    year={2018}
}

@article
{
    lefse1,
    title={Metagenomic biomarker discovery and explanation},
    author={Segata, Nicola and Izard, Jacques and Waldron, Levi and Gevers, Dirk and Miropolsky, Larisa and Garrett, Wendy S and Huttenhower, Curtis},
    journal={Genome biology},
    volume={12},
    number={6},
    pages={1--18},
    year={2011},
    publisher={Springer}
}

@article
{
    homd1,
    title={The Human Oral Microbiome Database: a web accessible resource for investigating oral microbe taxonomic and genomic information},
    author={Chen, Tsute and Yu, Wen-Han and Izard, Jacques and Baranova, Oxana V and Lakshmanan, Abirami and Dewhirst, Floyd E},
    journal={Database},
    volume={2010},
    year={2010},
    publisher={Oxford Academic}
}

@article
{
    SMOTE1,
    title={SMOTE: synthetic minority over-sampling technique},
    author={Chawla, Nitesh V and Bowyer, Kevin W and Hall, Lawrence O and Kegelmeyer, W Philip},
    journal={Journal of artificial intelligence research},
    volume={16},
    pages={321--357},
    year={2002}
}

@article
{
    streptococcus-1,
    title={Membrane vesicles of group B Streptococcus disrupt feto-maternal barrier leading to preterm birth},
    author={Surve, Manalee Vishnu and Anil, Anjali and Kamath, Kshama Ganesh and Bhutda, Smita and Sthanam, Lakshmi Kavitha and Pradhan, Arpan and Srivastava, Rohit and Basu, Bhakti and Dutta, Suryendu and Sen, Shamik and others},
    journal={PLoS pathogens},
    volume={12},
    number={9},
    pages={e1005816},
    year={2016},
    publisher={Public Library of Science San Francisco, CA USA}
}

@article
{
    neisseria-1,
    title={Adverse birth outcomes and maternal Neisseria gonorrhoeae infection: a population-based cohort study in Washington state},
    author={Heumann, Christine L and Quilter, Laura AS and Eastment, McKenna C and Heffron, Renee and Hawes, Stephen E},
    journal={Sexually transmitted diseases},
    volume={44},
    number={5},
    pages={266},
    year={2017},
    publisher={NIH Public Access}
}

@article
{
    haemophilus-1,
    title={Fetal Loss and Preterm Birth Caused by Intraamniotic Haemophilus influenzae Infection, New Zealand},
    author={Hills, Thomas and Sharpe, Caitlin and Wong, Thomas and Cutfield, Tim and Lee, Arier and McBride, Stephen and Rogers, Matthew and Soh, May Ching and Taylor, Amanda and Taylor, Susan and others},
    journal={Emerging Infectious Diseases},
    volume={28},
    number={9},
    pages={1747--1754},
    year={2022},
    publisher={Centers for Disease Control and Prevention}
}

@article
{
    haemophilus-2,
    title={Potential involvement of Campylobacter curvus and Haemophilus parainfluenzae in preterm birth},
    author={Mendz, George Louis and Petersen, Rodney and Quinlivan, Julie A and Kaakoush, Nadeem O},
    journal={Case Reports},
    volume={2014},
    pages={bcr2014205282},
    year={2014},
    publisher={BMJ Publishing Group}
}

@article
{
    rhodotorula-1,
    title={Catheter-related bloodstream infection due to Rhodotorula mucilaginosa with normal serum (1→ 3)-$\beta$-D-glucan level},
    author={Kitazawa, T and Ishigaki, S and Seo, K and Yoshino, Y and Ota, Y},
    journal={Journal de Mycologie M{\'e}dicale},
    volume={28},
    number={2},
    pages={393--395},
    year={2018},
    publisher={Elsevier}
}

@article
{
    gemella-1,
    title={Composition of the microbial communities at different body sites in women with preterm birth and their newborns},
    author={Li, Dianjie and Huang, Yuxin and Sadykova, Alena and Zheng, Wanting and Lin, Lan and Jin, Chunzhu and Zhong, Wenlu and Liao, Can and Pan, Shilei},
    journal={Medicine in Microecology},
    volume={9},
    pages={100046},
    year={2021},
    publisher={Elsevier}
}

@article
{
    gemella-2,
    title={Endocarditis due to Gemella haemolysans in a patient with hemochromatosis},
    author={Mosquera, JD and Zabalza, M and Laniero, M and Blanco, JR},
    journal={Clinical microbiology and infection},
    volume={6},
    number={10},
    pages={566--568},
    year={2000},
    publisher={Elsevier}
}

@article
{
    Absconditabacteria-1,
    title={Resilience of the oral microbiome},
    author={Wade, William G},
    journal={Periodontology 2000},
    volume={86},
    number={1},
    pages={113--122},
    year={2021},
    publisher={Wiley Online Library}
}

@article
{
    Absconditabacteria-2,
    title={Candidate Phyla Radiation, an Underappreciated Division of the Human Microbiome, and Its Impact on Health and Disease},
    author={Naud, Sabrina and Ibrahim, Ahmad and Valles, Camille and Maatouk, Mohamad and Bittar, Fadi and Tidjani Alou, Maryam and Raoult, Didier},
    journal={Clinical Microbiology Reviews},
    pages={e00140--21},
    year={2022},
    publisher={Am Soc Microbiol}
}

@article
{
    Corynebacterium-1,
    title={Differential Response of Oral Mucosal and Gingival Cells to Corynebacterium durum, Streptococcus sanguinis, and Porphyromonas gingivalis Multispecies Biofilms},
    author={Redanz, Ulrike and Redanz, Sylvio and Treerat, Puthalayai and Prakasam, Sivaraman and Lin, Li-Jung and Merritt, Justin and Kreth, Jens},
    journal={Frontiers in Cellular and Infection Microbiology},
    volume={11},
    pages={686479},
    year={2021},
    publisher={Frontiers Media SA}
}

@article
{
    Corynebacterium-2,
    title={Synergism between Corynebacterium and Streptococcus sanguinis reveals new interactions between oral commensals},
    author={Treerat, Puthayalai and Redanz, Ulrike and Redanz, Sylvio and Giacaman, Rodrigo A and Merritt, Justin and Kreth, Jens},
    journal={The ISME journal},
    volume={14},
    number={5},
    pages={1154--1169},
    year={2020},
    publisher={Nature Publishing Group}
}

@article
{
    Porphyromonas-1,
    title={Anaerobes and bacterial vaginosis in pregnancy: virulence factors contributing to vaginal colonisation},
    author={Africa, Charlene WJ and Nel, Janske and Stemmet, Megan},
    journal={International journal of environmental research and public health},
    volume={11},
    number={7},
    pages={6979--7000},
    year={2014},
    publisher={MDPI}
}

@article
{
    Porphyromonas-2,
    title={Galectin-3 plays an important role in preterm birth caused by dental infection of Porphyromonas gingivalis},
    author={Miyauchi, Mutsumi and Ao, Min and Furusho, Hisako and Chea, Chanbora and Nagasaki, Atsuhiro and Sakamoto, Shinnichi and Ando, Toshinori and Inubushi, Toshihiro and Kozai, Katsuyuki and Takata, Takashi},
    journal={Scientific reports},
    volume={8},
    number={1},
    pages={1--12},
    year={2018},
    publisher={Nature Publishing Group}
}

@article
{
    Alloprevotella-1,
    title={Alterations in the human oral microbiome in cholangiocarcinoma},
    author={Rao, Ben-Chen and Zhang, Gui-Zhen and Zou, Ya-Wen and Ren, Tong and Ren, Hong-Yan and Liu, Chao and Yu, Zu-Jiang and Ren, Zhi-Gang},
    journal={Military Medical Research},
    volume={9},
    number={1},
    pages={1--4},
    year={2022},
    publisher={BioMed Central}
}

@article
{
    Prevotella-1,
    title={Prevotella diversity, niches and interactions with the human host},
    author={Tett, Adrian and Pasolli, Edoardo and Masetti, Giulia and Ercolini, Danilo and Segata, Nicola},
    journal={Nature Reviews Microbiology},
    volume={19},
    number={9},
    pages={585--599},
    year={2021},
    publisher={Nature Publishing Group}
}

@article
{
    Prevotella-2,
    title={Increased richness and diversity of the vaginal microbiota and spontaneous preterm birth},
    author={Freitas, Aline C and Bocking, Alan and Hill, Janet E and Money, Deborah M},
    journal={Microbiome},
    volume={6},
    number={1},
    pages={1--15},
    year={2018},
    publisher={BioMed Central}
}

@article
{
    Prevotella-3,
    title={Altered gut microbiome composition by appendectomy contributes to colorectal cancer},
    author={Shi, Feiyu and Liu, Gaixia and Lin, Yufeng and Han, Jing and Chu, Eagle SH and Shi, Chengxin and Li, Yaguang and Zhang, Haowei and Hu, Chenhao and Liu, Ruihan and others},
    journal={Oncogene},
    pages={1--11},
    year={2022},
    publisher={Nature Publishing Group}
}

@article
{
    Prevotella-4,
    title={Prevotella: An Insight into Its Characteristics and Associated Virulence Factors},
    author={Sharma, Geetika and Garg, Nancy and Hasan, Shamimul and Shirodkar, Sheetal},
    journal={Microbial Pathogenesis},
    pages={105673},
    year={2022},
    publisher={Elsevier}
}

@article
{
    Prevotella-5,
    title={Rare case of Prevotella pleuritidis lung abscess},
    author={Asif, Abuzar Ali and Roy, Moni and Ahmad, Sharjeel},
    journal={BMJ Case Reports CP},
    volume={13},
    number={9},
    pages={e235960},
    year={2020},
    publisher={BMJ Specialist Journals}
}

@article
{
    Prevotella-6,
    title={Revealing oral microbiota composition and functionality associated with heavy cigarette smoking},
    author={Al Bataineh, Mohammad Tahseen and Dash, Nihar Ranjan and Elkhazendar, Mohammed and Alnusairat, Dua’a Mohammad Hasan and Darwish, Islam Mohammad Ismail and Al-Hajjaj, Mohamed Saleh and Hamid, Qutayba},
    journal={Journal of translational medicine},
    volume={18},
    number={1},
    pages={1--10},
    year={2020},
    publisher={BioMed Central}
}

@article
{
    Prevotella-7,
    title={Prospective study of oral microbiome and gastric cancer risk among Asian, African American and European American populations},
    author={Yang, Yaohua and Long, Jirong and Wang, Cong and Blot, William J and Pei, Zhiheng and Shu, Xiang and Wu, Fen and Rothman, Nathaniel and Wu, Jie and Lan, Qing and others},
    journal={International journal of cancer},
    volume={150},
    number={6},
    pages={916--927},
    year={2022},
    publisher={Wiley Online Library}
}